@book{thrun,
  title={Principles of robot motion: theory, algorithms, and implementation},
  author={Choset, Howie M and Hutchinson, Seth and Lynch, Kevin M and Kantor, George and Burgard, Wolfram and Kavraki, Lydia E and Thrun, Sebastian},
  year={2005},
  publisher={MIT press}
}
@book{koller,
  title={Probabilistic graphical models: principles and techniques},
  author={Koller, Daphne and Friedman, Nir and Bach, Francis},
  year={2009},
  publisher={MIT press}
}
@book{peebles,
  title={Probability, random variables, and random signal principles},
  author={Peebles, Peyton Z},
  volume={3},
  year={2001},
  publisher={McGraw-Hill New York, NY, USA:}
}
@book{JC,
  title={Simultaneous Localisation and Mapping of a Robotic Vehicle using a Probabilistic Graphical Model},
  author={Schoeman, JC},
  year={2016},
  publisher={Stellenbosch University}
}
@misc{draw_ellipse,
  title = {Visiondummy, How to draw a covariance error ellipse.},
  howpublished = {\url{http://www.visiondummy.com/2014/04/draw-error-ellipse-\\representing-covariance-matrix/}},
  note = {Accessed: 2018-10-01}
}
@article{abdi,
  title={The eigen-decomposition: Eigenvalues and eigenvectors},
  author={Abdi, Herv{\'e}},
  journal={Encyclopedia of measurement and statistics},
  pages={304--308},
  year={2007}
}
@book{barber,
  title={Bayesian reasoning and machine learning},
  author={Barber, David},
  year={2012},
  publisher={Cambridge University Press}
}
@article{duchi,
  title={Derivations for linear algebra and optimization},
  author={Duchi, John},
  journal={Berkeley, California},
  volume={3},
  year={2007}
}


